Bibliography



#A

@article{Afouras2018,
  author    = {Triantafyllos Afouras and
               Joon Son Chung and
               Andrew Zisserman},
  title     = {Deep Lip Reading: a comparison of models and an online application},
  journal   = {CoRR},
  volume    = {abs/1806.06053},
  year      = {2018},
  url       = {http://arxiv.org/abs/1806.06053},
  archivePrefix = {arXiv},
  eprint    = {1806.06053},
  timestamp = {Mon, 13 Aug 2018 16:49:06 +0200},
}

@article{Alhashim2015,
  author    = {Ibraheem Alhashim},
  title     = {Modelling and Correspondence of Topologically Complex 3D Shapes},
  journal   = {CoRR},
  volume    = {abs/1506.06855},
  year      = {2015},
  url       = {http://arxiv.org/abs/1506.06855},
  eprint    = {1506.06855},
}

WGAN
@article{Arjovsky2017,
  author    = {Mart{\'{\i}}n Arjovsky and
               Soumith Chintala and
               L{\'{e}}on Bottou},
  title     = {Wasserstein {GAN}},
  journal   = {CoRR},
  volume    = {abs/1701.07875},
  year      = {2017},
  url       = {http://arxiv.org/abs/1701.07875},
  archivePrefix = {arXiv},
  eprint    = {1701.07875},
  timestamp = {Mon, 13 Aug 2018 16:48:27 +0200},
}

@article{Assael2016,
  author    = {Yannis M. Assael and
               Brendan Shillingford and
               Shimon Whiteson and
               Nando de Freitas},
  title     = {LipNet: Sentence-level Lipreading},
  journal   = {CoRR},
  volume    = {abs/1611.01599},
  year      = {2016},
  url       = {http://arxiv.org/abs/1611.01599},
  archivePrefix = {arXiv},
  eprint    = {1611.01599},
  timestamp = {Mon, 13 Aug 2018 16:49:09 +0200},
}

#B

@inproceedings{Blanz1999,
  author    = {Volker Blanz and
               Thomas Vetter},
  title     = {A Morphable Model for the Synthesis of 3D Faces},
  booktitle = {Proceedings of the 26th Annual Conference on Computer Graphics and
               Interactive Techniques, {SIGGRAPH} 1999, Los Angeles, CA, USA, August
               8-13, 1999},
  pages     = {187--194},
  year      = {1999},
  crossref  = {DBLP:conf/siggraph/1999},
  url       = {https://dl.acm.org/citation.cfm?id=311556},
  timestamp = {Fri, 30 Nov 2018 02:24:56 +0100},
}

#C

@article{Cooke2006,
issn = {0001-4966},
journal = {The Journal of the Acoustical Society of America.},
pages = {2421--2424},
volume = {120},
publisher = {Acoustical Society of America},
number = {5},
year = {2006},
title = {An audio-visual corpus for speech perception and automatic speech recognition},
address = {Melville, NY :},
author = {Cooke, Martin and Barker, Jon and Cunningham, Stuart and Shao, Xu},
}


@article{Cho2014,
  author    = {Kyunghyun Cho and
               Bart van Merrienboer and
               {\c{C}}aglar G{\"{u}}l{\c{c}}ehre and
               Fethi Bougares and
               Holger Schwenk and
               Yoshua Bengio},
  title     = {Learning Phrase Representations using {RNN} Encoder-Decoder for Statistical
               Machine Translation},
  journal   = {CoRR},
  volume    = {abs/1406.1078},
  year      = {2014},
  url       = {http://arxiv.org/abs/1406.1078},
  archivePrefix = {arXiv},
  eprint    = {1406.1078},
  timestamp = {Mon, 13 Aug 2018 16:46:44 +0200},
}

@inproceedings{Chung2016,
  author    = {Joon Son Chung and
               Andrew Zisserman},
  title     = {Lip Reading in the Wild},
  booktitle = {Computer Vision - {ACCV} 2016 - 13th Asian Conference on Computer
               Vision, Taipei, Taiwan, November 20-24, 2016, Revised Selected Papers,
               Part {II}},
  pages     = {87--103},
  year      = {2016},
  url       = {https://doi.org/10.1007/978-3-319-54184-6\_6},
  doi       = {10.1007/978-3-319-54184-6\_6},
  timestamp = {Tue, 14 May 2019 10:00:50 +0200},
}

@inproceedings{Chung2017,
  author    = {Joon Son Chung and
               Andrew W. Senior and
               Oriol Vinyals and
               Andrew Zisserman},
  title     = {Lip Reading Sentences in the Wild},
  booktitle = {2017 {IEEE} Conference on Computer Vision and Pattern Recognition,
               {CVPR} 2017, Honolulu, HI, USA, July 21-26, 2017},
  pages     = {3444--3453},
  year      = {2017},
  url       = {https://doi.org/10.1109/CVPR.2017.367},
  doi       = {10.1109/CVPR.2017.367},
  timestamp = {Tue, 14 Nov 2017 17:15:07 +0100},
}

Voca
@article{Cudeiro2019,
    title = {Capture, Learning, and Synthesis of {3D} Speaking Styles},
    author = {Cudeiro, Daniel and Bolkart, Timo and Laidlaw, Cassidy and Ranjan, Anurag and Black, Michael},
    journal = {Computer Vision and Pattern Recognition (CVPR)},
    year = {2019}
}

#D

#E

#F

#G

GANs Paper
@incollection{Goodfellow2014,
    title = {Generative Adversarial Nets},
    author = {Goodfellow, Ian and Pouget-Abadie, Jean and Mirza, Mehdi and Xu, Bing and Warde-Farley, David and Ozair, Sherjil and Courville, Aaron and Bengio, Yoshua},
    booktitle = {Advances in Neural Information Processing Systems 27},
    editor = {Z. Ghahramani and M. Welling and C. Cortes and N. D. Lawrence and K. Q. Weinberger},
    pages = {2672--2680},
    year = {2014},
    publisher = {Curran Associates, Inc.},
    url = {http://papers.nips.cc/paper/5423-generative-adversarial-nets.pdf}
}

Improved WGANs
@article{Gulrajani2017,
  author    = {Ishaan Gulrajani and
               Faruk Ahmed and
               Mart{\'{\i}}n Arjovsky and
               Vincent Dumoulin and
               Aaron C. Courville},
  title     = {Improved Training of Wasserstein GANs},
  journal   = {CoRR},
  volume    = {abs/1704.00028},
  year      = {2017},
  url       = {http://arxiv.org/abs/1704.00028},
  archivePrefix = {arXiv},
  eprint    = {1704.00028},
  timestamp = {Mon, 13 Aug 2018 16:47:43 +0200},
}


#H

Mozilla DeepSpeech
@article{Hannun2014,
  author    = {Awni Y. Hannun and
               Carl Case and
               Jared Casper and
               Bryan Catanzaro and
               Greg Diamos and
               Erich Elsen and
               Ryan Prenger and
               Sanjeev Satheesh and
               Shubho Sengupta and
               Adam Coates and
               Andrew Y. Ng},
  title     = {Deep Speech: Scaling up end-to-end speech recognition},
  journal   = {CoRR},
  volume    = {abs/1412.5567},
  year      = {2014},
  url       = {http://arxiv.org/abs/1412.5567},
  archivePrefix = {arXiv},
  eprint    = {1412.5567},
  timestamp = {Mon, 13 Aug 2018 16:48:07 +0200},
}

#I

#J

#K

@article{Kaick2011,
    author = {Oliver van Kaick and Hao Zhang and Ghassan Hamarneh and Daniel Cohen-Or},
    title = {A Survey on Shape Correspondence},
    journal = {Computer Graphics Forum},
    volume = {30},
    number = {6},
    pages = {1681--1707},
    year = 2011,
}

@article{Karras2017a,
  author    = {Tero Karras and
               Timo Aila and
               Samuli Laine and
               Antti Herva and
               Jaakko Lehtinen},
  title     = {Audio-driven facial animation by joint end-to-end learning of pose
               and emotion},
  journal   = {{ACM} Trans. Graph.},
  volume    = {36},
  number    = {4},
  pages     = {94:1--94:12},
  year      = {2017},
  url       = {https://doi.org/10.1145/3072959.3073658},
  doi       = {10.1145/3072959.3073658},
  timestamp = {Tue, 06 Nov 2018 12:51:26 +0100},
}

Nvidia Growing GANs
@article{Karras2017b,
  author    = {Tero Karras and
               Timo Aila and
               Samuli Laine and
               Jaakko Lehtinen},
  title     = {Progressive Growing of GANs for Improved Quality, Stability, and Variation},
  journal   = {CoRR},
  volume    = {abs/1710.10196},
  year      = {2017},
  url       = {http://arxiv.org/abs/1710.10196},
  archivePrefix = {arXiv},
  eprint    = {1710.10196},
  timestamp = {Mon, 13 Aug 2018 16:46:42 +0200},
}

@article{King2009,
author = {E. King, Davis},
year = {2009},
month = {07},
pages = {1755-1758},
title = {Dlib-ml: A Machine Learning Toolkit},
volume = {10},
journal = {Journal of Machine Learning Research},
doi = {10.1145/1577069.1755843}
}

@techreport{Krizhevsky2009,
  title={Learning multiple layers of features from tiny images},
  author={Krizhevsky, Alex and Hinton, Geoffrey},
  year={2009},
  institution={Citeseer}
}

#L

@article{LeCun2010,
  author = {LeCun, Yann and Cortes, Corinna},
  howpublished = {http://yann.lecun.com/exdb/mnist/},
  title = {{MNIST} handwritten digit database},
  url = {http://yann.lecun.com/exdb/mnist/},
  year = 2010
}

@article{Lewis2010, 
    author={J. P. {Lewis} and K. {Anjyo}}, 
    journal={IEEE Computer Graphics and Applications}, 
    title={Direct Manipulation Blendshapes}, 
    year={2010}, 
    volume={30}, 
    number={4}, 
    pages={42-50}, 
    doi={10.1109/MCG.2010.41}, 
    ISSN={0272-1716}, 
    month={July},
}

@article{Li2017,
    title = {Learning a model of facial shape and expression from {4D} scans},
    author = {Li, Tianye and Bolkart, Timo and Black, Michael. J. and Li, Hao and Romero, Javier},
    journal = {ACM Transactions on Graphics, (Proc. SIGGRAPH Asia)},
    volume = {36},
    number = {6},
    year = {2017},
    url = {https://doi.org/10.1145/3130800.3130813}
  }

@inproceedings{Liao2013,
  author    = {Hank Liao and
               Erik McDermott and
               Andrew W. Senior},
  title     = {Large scale deep neural network acoustic modeling with semi-supervised
               training data for YouTube video transcription},
  booktitle = {2013 {IEEE} Workshop on Automatic Speech Recognition and Understanding,
               Olomouc, Czech Republic, December 8-12, 2013},
  pages     = {368--373},
  year      = {2013},
  url       = {https://doi.org/10.1109/ASRU.2013.6707758},
  doi       = {10.1109/ASRU.2013.6707758},
  timestamp = {Fri, 26 May 2017 00:51:03 +0200},
}

#M

Conditional GANs
@article{Mirza2014,
    author    = {Mehdi Mirza and
                 Simon Osindero},
    title     = {Conditional Generative Adversarial Nets},
    journal   = {CoRR},
    volume    = {abs/1411.1784},
    year      = {2014},
    url       = {http://arxiv.org/abs/1411.1784},
    archivePrefix = {arXiv},
    eprint    = {1411.1784},
    timestamp = {Mon, 13 Aug 2018 16:48:15 +0200},
}

#N

#O

#P

@inproceedings{Paysan2009,
  author    = {Pascal Paysan and
               Reinhard Knothe and
               Brian Amberg and
               Sami Romdhani and
               Thomas Vetter},
  title     = {A 3D Face Model for Pose and Illumination Invariant Face Recognition},
  booktitle = {Sixth {IEEE} International Conference on Advanced Video and Signal
               Based Surveillance, {AVSS} 2009, 2-4 September 2009, Genova, Italy},
  pages     = {296--301},
  year      = {2009},
  crossref  = {DBLP:conf/avss/2009},
  url       = {https://doi.org/10.1109/AVSS.2009.58},
  doi       = {10.1109/AVSS.2009.58},
  timestamp = {Thu, 25 May 2017 00:39:15 +0200},
}

@article{Pham2017,
    author    = {Hai Xuan Pham and
                 Yuting Wang and
                 Vladimir Pavlovic},
    title     = {End-to-end Learning for 3D Facial Animation from Raw Waveforms of
                 Speech},
    journal   = {CoRR},
    volume    = {abs/1710.00920},
    year      = {2017},
    url       = {http://arxiv.org/abs/1710.00920},
    archivePrefix = {arXiv},
    eprint    = {1710.00920},
    timestamp = {Mon, 04 Mar 2019 13:29:35 +0100},
}

#Q

#R

DC GANs
@inproceedings{Radford2016,
    author    = {Alec Radford and
                 Luke Metz and
                 Soumith Chintala},
    title     = {Unsupervised Representation Learning with Deep Convolutional Generative
                 Adversarial Networks},
    booktitle = {4th International Conference on Learning Representations, {ICLR} 2016,
                 San Juan, Puerto Rico, May 2-4, 2016, Conference Track Proceedings},
    year      = {2016},
    url       = {http://arxiv.org/abs/1511.06434},
    timestamp = {Fri, 29 Mar 2019 10:35:07 +0100},
}

#S

@article{Shillingford2018,
  author    = {Brendan Shillingford and
               Yannis M. Assael and
               Matthew W. Hoffman and
               Thomas Paine and
               C{\'{\i}}an Hughes and
               Utsav Prabhu and
               Hank Liao and
               Hasim Sak and
               Kanishka Rao and
               Lorrayne Bennett and
               Marie Mulville and
               Ben Coppin and
               Ben Laurie and
               Andrew W. Senior and
               Nando de Freitas},
  title     = {Large-Scale Visual Speech Recognition},
  journal   = {CoRR},
  volume    = {abs/1807.05162},
  year      = {2018},
  url       = {http://arxiv.org/abs/1807.05162},
  archivePrefix = {arXiv},
  eprint    = {1807.05162},
  timestamp = {Mon, 13 Aug 2018 16:48:29 +0200},
}

@inproceedings{Soltani2017, 
    author    = {A. A. {Soltani} and H. {Huang} and J. {Wu} and T. D. {Kulkarni} and J. B.      
                {Tenenbaum}}, 
    booktitle = {2017 IEEE Conference on Computer Vision and Pattern Recognition (CVPR)}, 
    title     = {Synthesizing 3D Shapes via Modeling Multi-view Depth Maps and Silhouettes with     
                 Deep Generative Networks}, 
    year      = {2017}, 
    pages     = {2511-2519}, 
    doi       = {10.1109/CVPR.2017.269}, 
    ISSN      = {1063-6919}, 
    month     = {July},}

#T

@article{Tzirakis2019,
  author    = {Panagiotis Tzirakis and
               Athanasios Papaioannou and
               Alexander Lattas and
               Michail Tarasiou and
               Bj{\"{o}}rn W. Schuller and
               Stefanos Zafeiriou},
  title     = {Synthesising 3D Facial Motion from "In-the-Wild" Speech},
  journal   = {CoRR},
  volume    = {abs/1904.07002},
  year      = {2019},
  url       = {http://arxiv.org/abs/1904.07002},
  archivePrefix = {arXiv},
  eprint    = {1904.07002},
  timestamp = {Thu, 25 Apr 2019 13:55:01 +0200},
}

#U

#V

Attention is all you need (Google)
@inproceedings{Vaswani2017,
  author    = {Ashish Vaswani and
               Noam Shazeer and
               Niki Parmar and
               Jakob Uszkoreit and
               Llion Jones and
               Aidan N. Gomez and
               Lukasz Kaiser and
               Illia Polosukhin},
  title     = {Attention is All you Need},
  booktitle = {Advances in Neural Information Processing Systems 30: Annual Conference
               on Neural Information Processing Systems 2017, 4-9 December 2017,
               Long Beach, CA, {USA}},
  pages     = {6000--6010},
  year      = {2017},
  url       = {http://papers.nips.cc/paper/7181-attention-is-all-you-need},
  timestamp = {Mon, 27 Nov 2017 12:38:48 +0100},
}

@article{Vougioukas2018,
    author = {Vougioukas, K. and Petridis, S. and Pantic, M.},
    title = "{End-to-End Speech-Driven Facial Animation with Temporal GANs}",
    journal = {arXiv e-prints},
    archivePrefix = "arXiv",
    eprint = {1805.09313},
    keywords = {Electrical Engineering and Systems Science - Audio and Speech Processing, Computer Science - Computer Vision and Pattern Recognition, Computer Science - Sound, Electrical Engineering and Systems Science - Image and Video Processing},
    year = {2018},
    month = may,
    adsurl = {https://ui.adsabs.harvard.edu/abs/2018arXiv180509313V},
    adsnote = {Provided by the SAO/NASA Astrophysics Data System}
}

#W

@inproceedings{Woodland1995,
author = {Woodland, Philip and J. Leggetter, C and Odell, James and Valtchev, V and Young, Steve},
year = {1995},
month = {06},
pages = {73-76 vol.1},
title = {The 1994 HTK large vocabulary speech recognition system},
isbn = {0-7803-2431-5},
doi = {10.1109/ICASSP.1995.479276}
}

#X

@inproceedings{Xu2015,
  author    = {Kelvin Xu and
               Jimmy Ba and
               Ryan Kiros and
               Kyunghyun Cho and
               Aaron C. Courville and
               Ruslan Salakhutdinov and
               Richard S. Zemel and
               Yoshua Bengio},
  title     = {Show, Attend and Tell: Neural Image Caption Generation with Visual
               Attention},
  booktitle = {Proceedings of the 32nd International Conference on Machine Learning,
               {ICML} 2015, Lille, France, 6-11 July 2015},
  pages     = {2048--2057},
  year      = {2015},
  url       = {http://jmlr.org/proceedings/papers/v37/xuc15.html},
  timestamp = {Wed, 03 Apr 2019 18:02:17 +0200},
}

#Y

#Z

@article{Zakharov2019,
  author={Zakharov, Egor and Shysheya, Aliaksandra and Burkov, Egor and Lempitsky, Victor},
  title={Few-Shot Adversarial Learning of Realistic Neural Talking Head Models},
  journal={arXiv preprint arXiv:1905.08233},
  year={2019}
}

Self Attention GANs (with Goodfellow)
@article{Zhang2018,
  author    = {Han Zhang and
               Ian J. Goodfellow and
               Dimitris N. Metaxas and
               Augustus Odena},
  title     = {Self-Attention Generative Adversarial Networks},
  journal   = {CoRR},
  volume    = {abs/1805.08318},
  year      = {2018},
  url       = {http://arxiv.org/abs/1805.08318},
  archivePrefix = {arXiv},
  eprint    = {1805.08318},
  timestamp = {Mon, 13 Aug 2018 16:47:52 +0200},
}